10400000         2087940940001200000000000000000000000334422531000000000VICENTE ADAIR CARNEIRO ASSUNCACAIXA ECONOMICA FEDERAL                 11812201216340600000105000000                    REMESSA-PRODUCAO                                 
10400011R0100030 20087940940001202253100000000000000000334422531000000000VICENTE ADAIR CARNEIRO ASSUNCA                                                                                000000011812201200000000                                 
1040001300001P 01003344225310000000000001450000000000001211220382365-1000    1001201300000000000200000000002N18122012111012013000000000000100000000000000000000000000000000000000000000000000000000382365-1                 3001030090000000000 
1040001300002Q 012000019089356851MARIA CECILIA DA SILVA MARQUESINI       RUA MARIA ZILIA DE SOUZA PESSOA 576     LARANJEIRAS    13630000   PIRASSUNUNGASP0000000000000000                                                                       
1040001300003P 01003344225310000000000001450000000000001211220382366-2000    1002201300000000000200000000002N18122012111022013000000000000100000000000000000000000000000000000000000000000000000000382366-2                 3001030090000000000 
1040001300004Q 012000019089356851MARIA CECILIA DA SILVA MARQUESINI       RUA MARIA ZILIA DE SOUZA PESSOA 576     LARANJEIRAS    13630000   PIRASSUNUNGASP0000000000000000                                                                       
1040001300005P 01003344225310000000000001450000000000001211220382367-3000    1003201300000000000200000000002N18122012111032013000000000000100000000000000000000000000000000000000000000000000000000382367-3                 3001030090000000000 
1040001300006Q 012000019089356851MARIA CECILIA DA SILVA MARQUESINI       RUA MARIA ZILIA DE SOUZA PESSOA 576     LARANJEIRAS    13630000   PIRASSUNUNGASP0000000000000000                                                                       
1040001300007P 01003344225310000000000001450000000000001211220382368-4000    1004201300000000000200000000002N18122012111042013000000000000100000000000000000000000000000000000000000000000000000000382368-4                 3001030090000000000 
1040001300008Q 012000019089356851MARIA CECILIA DA SILVA MARQUESINI       RUA MARIA ZILIA DE SOUZA PESSOA 576     LARANJEIRAS    13630000   PIRASSUNUNGASP0000000000000000                                                                       
1040001300009P 01003344225310000000000001450000000000001211220382369-5000    1005201300000000000200000000002N18122012111052013000000000000100000000000000000000000000000000000000000000000000000000382369-5                 3001030090000000000 
1040001300010Q 012000019089356851MARIA CECILIA DA SILVA MARQUESINI       RUA MARIA ZILIA DE SOUZA PESSOA 576     LARANJEIRAS    13630000   PIRASSUNUNGASP0000000000000000                                                                       
1040001300011P 01003344225310000000000001450000000000001211220382370-6000    1006201300000000000200000000002N18122012111062013000000000000100000000000000000000000000000000000000000000000000000000382370-6                 3001030090000000000 
1040001300012Q 012000019089356851MARIA CECILIA DA SILVA MARQUESINI       RUA MARIA ZILIA DE SOUZA PESSOA 576     LARANJEIRAS    13630000   PIRASSUNUNGASP0000000000000000                                                                       
1040001300013P 01003344225310000000000001450000000000001211220382371-7000    1007201300000000000200000000002N18122012111072013000000000000100000000000000000000000000000000000000000000000000000000382371-7                 3001030090000000000 
1040001300014Q 012000019089356851MARIA CECILIA DA SILVA MARQUESINI       RUA MARIA ZILIA DE SOUZA PESSOA 576     LARANJEIRAS    13630000   PIRASSUNUNGASP0000000000000000                                                                       
1040001300015P 01003344225310000000000001450000000000001211220382372-8000    1008201300000000000200000000002N18122012111082013000000000000100000000000000000000000000000000000000000000000000000000382372-8                 3001030090000000000 
1040001300016Q 012000019089356851MARIA CECILIA DA SILVA MARQUESINI       RUA MARIA ZILIA DE SOUZA PESSOA 576     LARANJEIRAS    13630000   PIRASSUNUNGASP0000000000000000                                                                       
1040001300017P 01003344225310000000000001450000000000001211220382373-9000    1009201300000000000200000000002N18122012111092013000000000000100000000000000000000000000000000000000000000000000000000382373-9                 3001030090000000000 
1040001300018Q 012000019089356851MARIA CECILIA DA SILVA MARQUESINI       RUA MARIA ZILIA DE SOUZA PESSOA 576     LARANJEIRAS    13630000   PIRASSUNUNGASP0000000000000000                                                                       
1040001300019P 01003344225310000000000001450000000000001211220382374-1000    1010201300000000000200000000002N18122012111102013000000000000100000000000000000000000000000000000000000000000000000000382374-1                 3001030090000000000 
1040001300020Q 012000019089356851MARIA CECILIA DA SILVA MARQUESINI       RUA MARIA ZILIA DE SOUZA PESSOA 576     LARANJEIRAS    13630000   PIRASSUNUNGASP0000000000000000                                                                       
1040001300021P 01003344225310000000000001450000000000001211220382375-1000    1011201300000000000200000000002N18122012111112013000000000000100000000000000000000000000000000000000000000000000000000382375-1                 3001030090000000000 
1040001300022Q 012000019089356851MARIA CECILIA DA SILVA MARQUESINI       RUA MARIA ZILIA DE SOUZA PESSOA 576     LARANJEIRAS    13630000   PIRASSUNUNGASP0000000000000000                                                                       
1040001300023P 01003344225310000000000001450000000000001211220382376-1000    1012201300000000000200000000002N18122012111122013000000000000100000000000000000000000000000000000000000000000000000000382376-1                 3001030090000000000 
1040001300024Q 012000019089356851MARIA CECILIA DA SILVA MARQUESINI       RUA MARIA ZILIA DE SOUZA PESSOA 576     LARANJEIRAS    13630000   PIRASSUNUNGASP0000000000000000                                                                       
10400015         000026000026000000000000240000000000000000000000000000000000000000000000000                                                                                                                                                    
10499999         000001000028                                                                                                                                                                                                                   
